@ARTICLE{summary-impl-mine,
  author = {Романова, Т.Н. and Сидорин А.В.},
  title = {Метод резюме для разработки универсального многоцелевого анализатора кодов программ с возможностью обнаружения различных  классов дефектов в программах, созданных с использованием языков С и С++},
  journal = {Вестник МГТУ им. Н.Э. Баумана, серия <<Приборостроение>>},
  year = {2015},
  number = {5},
  pages = {73--93},
  language = {russian},
}

@ARTICLE{summary-intro-mine,
  author = {Сидорин, А.В. and Романова, Т.Н.},
  title = {Новая модификация метода анализа кодов программ на основе резюме для тестирования сложных программных комплексов},
  journal = {Наука и образование: электронное научно-техническое издание. Информатика, вычислительная техника и управление.},
  year = {2015},
  number = {8},
  doi = {10.7463/0815.0793227},
  pages = {281--300},
  language = {russian},
}

@ARTICLE{summary-inter-unit-mine,
  author = {Сидорин, А.В. and Романова, Т.Н.},
  title = {Реализация межмодульного анализа для языков C и C++ в статическом анализаторе, использующем для анализа исходный код программы},
  journal = {Наука и образование: электронное научно-техническое издание. Информатика, вычислительная техника и управление.},
  year = {2015},
  number = {9},
  doi = {10.7463/0915.0812271},
  language = {russian},
}
