
@inproceedings{info-2015,
 author = {Сидорин, А.В.},
 title = {Модификация метода межпроцедурного анализа с использованием резюме для метода символьного выполнения},
 booktitle = {Материалы XII Международной научно-практической конференции <<Инновации на основе информационных и коммуникационных технологий>>},
 series = {Инновации на основе информационных и коммуникационных технологий: Материалы международной научно-практической конференции. },
 year = {2015},
 issn = {2226-6690},
 location = {Сочи, Россия},
 pages = {239--241},
 numpages = {3},
 url = {https://drive.google.com/file/d/0B2ad_Dq_2eJxeTQ3QnZ0Yk53aDQ/view?pli=1},
 publisher = {НИУ ВШЭ},
 address = {Москва},
 language = {russian},
} 

inproceedings{psi-2015,
 author = {Sidorin, Aleksei and Dergachev, Artem  and Trofimovich, Iuliia and Pavlov, Evgeny},
 title = {Summary-based inter-unit analysis for Clang Static Analyzer},
 booktitle = {Perspectives of System Informatics – 10th International Ershov Informatics Conference, PSI 2015, Kazan, Russia, August 25-27, 2015. Revised Selected Papers},
 year = {2016},
 issn = {???},
 location = {Казань, Россия},
 pages = {??--??},
 numpages = {20},
 url = {},
 publisher = {Springler},
 language = {english},
} 

%inproceedings{